<?xml version="1.0" encoding="UTF-8"?>
<marc:record xmlns:marc="http://www.loc.gov/MARC21/slim"
             xmlns:xsi="http://www.w3.org/2001/XMLSchema-instance"
             xsi:schemaLocation="http://www.loc.gov/MARC21/slim http://www.loc.gov/standards/marcxml/schema/MARC21slim.xsd">
    <marc:leader>00620nkc a22 a 4500</marc:leader>
    <marc:controlfield tag="001">1461747</marc:controlfield>
    <marc:controlfield tag="003">NL-AMISG</marc:controlfield>
    <marc:controlfield tag="005">20120927145521.0</marc:controlfield>
    <marc:controlfield tag="008">120927s2010 ph phi d</marc:controlfield>
    <marc:datafield ind1=" " ind2=" " tag="040">
        <marc:subfield code="a">NL-AMISG</marc:subfield>
    </marc:datafield>
    <marc:datafield ind1=" " ind2=" " tag="041">
        <marc:subfield code="a">phi</marc:subfield>
    </marc:datafield>
    <marc:datafield ind1=" " ind2=" " tag="044">
        <marc:subfield code="a">ph</marc:subfield>
    </marc:datafield>
    <marc:datafield ind1="1" ind2="0" tag="245">
        <marc:subfield code="k">Visual document.</marc:subfield>
    </marc:datafield>
    <marc:datafield ind1=" " ind2=" " tag="260">
        <marc:subfield code="c">2010.</marc:subfield>
    </marc:datafield>
    <marc:datafield ind1=" " ind2=" " tag="300">
        <marc:subfield code="a">5 ex.</marc:subfield>
    </marc:datafield>
    <marc:datafield ind1=" " ind2=" " tag="542">
        <marc:subfield code="m">closed</marc:subfield>
    </marc:datafield>
    <marc:datafield ind1="2" ind2="4" tag="610">
        <marc:subfield code="0">(NL-AMISG)2003010</marc:subfield>
        <marc:subfield code="a">Partido ng Manggagawa</marc:subfield>
        <marc:subfield code="b">c</marc:subfield>
        <marc:subfield code="d">e</marc:subfield>
        <marc:subfield code="f">g</marc:subfield>
        <marc:subfield code="k">l</marc:subfield>
        <marc:subfield code="m">n</marc:subfield>
        <marc:subfield code="o">p</marc:subfield>
        <marc:subfield code="r">s</marc:subfield>
        <marc:subfield code="t">v</marc:subfield>
        <marc:subfield code="x">y</marc:subfield>
        <marc:subfield code="z"/>
    </marc:datafield>
    <marc:datafield ind1=" " ind2="4" tag="648">
        <marc:subfield code="a">2010-2010.</marc:subfield>
        <marc:subfield code="0">(NL-AMISG)564138</marc:subfield>
    </marc:datafield>
    <marc:datafield ind1=" " ind2="4" tag="651">
        <marc:subfield code="a">Philippines.</marc:subfield>
        <marc:subfield code="0">(NL-AMISG)297125</marc:subfield>
    </marc:datafield>
    <marc:datafield ind1=" " ind2="4" tag="655">
        <marc:subfield code="a">Sticker.</marc:subfield>
        <marc:subfield code="0">(NL-AMISG)340625</marc:subfield>
    </marc:datafield>
    <marc:datafield ind1="2" ind2=" " tag="710">
        <marc:subfield code="0">(NL-AMISG)2005319</marc:subfield>
        <marc:subfield code="a">Partido ng Manggagawa</marc:subfield>
        <marc:subfield code="b">c</marc:subfield>
        <marc:subfield code="d">e</marc:subfield>
        <marc:subfield code="collector">f</marc:subfield>
        <marc:subfield code="g">k</marc:subfield>
        <marc:subfield code="l">m</marc:subfield>
        <marc:subfield code="n">o</marc:subfield>
        <marc:subfield code="p">r</marc:subfield>
        <marc:subfield code="s">t</marc:subfield>
        <marc:subfield code="v">x</marc:subfield>
        <marc:subfield code="y">z</marc:subfield>
    </marc:datafield>
    <marc:datafield ind1="4" ind2=" " tag="852">
        <marc:subfield code="a">IISG</marc:subfield>
        <marc:subfield code="b">IISG</marc:subfield>
        <marc:subfield code="c">IISG</marc:subfield>
        <marc:subfield code="j">BG B35/66</marc:subfield>
        <marc:subfield code="n">Available</marc:subfield>
        <marc:subfield code="p">30051003302608</marc:subfield>
    </marc:datafield>
    <marc:datafield ind1=" " ind2=" " tag="901">
        <marc:subfield code="a">1461747</marc:subfield>
        <marc:subfield code="b"/>
        <marc:subfield code="c">1461747</marc:subfield>
        <marc:subfield code="t">biblio</marc:subfield>
    </marc:datafield>
    <marc:datafield ind1=" " ind2=" " tag="902">
        <marc:subfield code="a">10622/55BFBBF8-74A6-46FF-8B49-A90E492E691B</marc:subfield>
    </marc:datafield>
</marc:record>